@book{Cheng2011,
  author    = {Cheng, Daizhan and Qi, Hongsheng and Li, Zhiqiang},
  title     = {Analysis and Control of Boolean Networks: A Semi-tensor Product Approach},
  publisher = {Springer},
  year      = {2011},
  address   = {London},
  doi       = {10.1007/978-0-85729-096-0}
}

@article{Cheng2001,
  author  = {Cheng, Daizhan},
  title   = {Semi-tensor product of matrices and its application to Morgan’s problem},
  journal = {Science in China Series F: Information Sciences},
  volume  = {44},
  number  = {3},
  pages   = {195--212},
  year    = {2001},
  doi     = {10.1007/BF02714570}
}

@book{Golan99,
  author    = {Golan, Jonathan S.},
  title     = {Semirings and Their Applications},
  publisher = {Kluwer Academic Publishers},
  year      = {1999},
  address   = {Dordrecht}
}

@book{Lang02,
  author    = {Lang, Serge},
  title     = {Algebra},
  edition   = {3rd},
  publisher = {Springer},
  year      = {2002}
}

@book{MacLane98,
  author    = {Mac Lane, Saunders},
  title     = {Categories for the Working Mathematician},
  edition   = {2nd},
  publisher = {Springer},
  year      = {1998}
}

@book{Roman05,
  author    = {Roman, Steven},
  title     = {Advanced Linear Algebra},
  edition   = {2nd},
  publisher = {Springer},
  year      = {2005}
}

@book{Ryan02,
  author    = {Ryan, Raymond A.},
  title     = {Introduction to Tensor Products of Banach Spaces},
  publisher = {Springer},
  year      = {2002}
}

@inproceedings{HaSch18,
  author    = {Ha, David and Schmidhuber, Jürgen},
  title     = {Recurrent World Models Facilitate Policy Evolution},
  booktitle = {Advances in Neural Information Processing Systems 31},
  year      = {2018},
  pages     = {2450--2462}
}

@article{Orus14,
  author  = {Orús, Román},
  title   = {A Practical Introduction to Tensor Networks: Matrix Product States and Projected Entangled Pair States},
  journal = {Annals of Physics},
  volume  = {349},
  pages   = {117--158},
  year    = {2014}
}

@book{Mallat99,
  author    = {Mallat, Stéphane},
  title     = {A Wavelet Tour of Signal Processing},
  edition   = {2nd},
  publisher = {Academic Press},
  year      = {1999}
}

@misc{TF2024,
  author = {Abadi, Martín and others},
  title  = {{TensorFlow}: Large-Scale Machine Learning on Heterogeneous Systems},
  year   = {2024},
  url    = {https://www.tensorflow.org/}
}

@inproceedings{PyTorch2023,
  author    = {Paszke, Adam and others},
  title     = {{PyTorch}: An Imperative Style, High-Performance Deep Learning Library},
  booktitle = {Advances in Neural Information Processing Systems 32},
  year      = {2023}
}

@misc{JAX2020,
  author = {Bradbury, James and others},
  title  = {{JAX}: composable transformations of {P}ython+{N}um{P}y programs},
  year   = {2020},
  url    = {http://github.com/google/jax}
}

@article{GraphBLAS2019,
  author  = {Davis, Timothy A. and others},
  title   = {The {SuiteSparse} Matrix Collection},
  journal = {ACM Transactions on Mathematical Software},
  volume  = {38},
  number  = {1},
  year    = {2019}
}

@misc{Innes2019,
  author  = {Innes, Mike and others},
  title   = {Fashionable Modelling with Flux},
  year    = {2018},
  url = {https://fluxml.ai/Flux.jl/stable/}
}

@misc{VSLALibrary,
  author  = {Birnbaum, Royce},
  title   = {The {VSLA} Programming Library},
  year    = {2025},
  url     = {https://github.com/roycebirnbaum/vsla}
}

% ===== ALGEBRAIC FOUNDATIONS =====
@book{VonZurGathenGerhard2013,
  author    = {von zur Gathen, Joachim and Gerhard, Jürgen},
  title     = {Modern Computer Algebra},
  edition   = {3rd},
  publisher = {Cambridge University Press},
  year      = {2013},
  doi       = {10.1017/CBO9781139856065}
}

@book{Eisenbud1995,
  author    = {Eisenbud, David},
  title     = {Commutative Algebra with a View Toward Algebraic Geometry},
  publisher = {Springer},
  year      = {1995},
  series    = {Graduate Texts in Mathematics},
  volume    = {150}
}

@book{AtiyahMacdonald1969,
  author    = {Atiyah, Michael F. and Macdonald, Ian G.},
  title     = {Introduction to Commutative Algebra},
  publisher = {Addison-Wesley},
  year      = {1969}
}

@book{BrunsHerzog1993,
  author    = {Bruns, Winfried and Herzog, Jürgen},
  title     = {Cohen-Macaulay Rings},
  publisher = {Cambridge University Press},
  year      = {1993},
  series    = {Cambridge Studies in Advanced Mathematics},
  volume    = {39}
}

@book{Rudin1991,
  author    = {Rudin, Walter},
  title     = {Functional Analysis},
  edition   = {2nd},
  publisher = {McGraw-Hill},
  year      = {1991}
}

% ===== FAST ALGORITHMS =====
@article{CooleyTukey1965,
  author  = {Cooley, James W. and Tukey, John W.},
  title   = {An Algorithm for the Machine Calculation of Complex Fourier Series},
  journal = {Mathematics of Computation},
  volume  = {19},
  number  = {90},
  pages   = {297--301},
  year    = {1965},
  doi     = {10.1090/S0025-5718-1965-0178586-1}
}

@article{Karatsuba1962,
  author  = {Karatsuba, Anatolii and Ofman, Yuri},
  title   = {Multiplication of Multidigit Numbers on Automata},
  journal = {Soviet Physics Doklady},
  volume  = {7},
  pages   = {595--596},
  year    = {1962}
}

@article{CantorKaltofen1991,
  author  = {Cantor, David G. and Kaltofen, Erich},
  title   = {On Fast Multiplication of Polynomials Over Arbitrary Algebras},
  journal = {Acta Informatica},
  volume  = {28},
  number  = {7},
  pages   = {693--701},
  year    = {1991},
  doi     = {10.1007/BF01178683}
}

% ===== SPARSE LINEAR ALGEBRA =====
@techreport{GraphBLAS2021,
  author      = {Mattson, Timothy G. and Bulu\c{c}, Aydin and Gilbert, John R. and Henninger, Scott and Kepner, Jeremy},
  title       = {The {GraphBLAS} {C} {API} Specification},
  institution = {GraphBLAS.org},
  year        = {2021},
  number      = {Version 2.0},
  url         = {https://graphblas.org/docs/GraphBLAS_API_C_v2.0.0.pdf}
}

@book{Saad2003,
  author    = {Saad, Yousef},
  title     = {Iterative Methods for Sparse Linear Systems},
  edition   = {2nd},
  publisher = {SIAM},
  year      = {2003},
  doi       = {10.1137/1.9780898718003}
}

@article{BulucGilbert2008,
  author  = {Bulu\c{c}, Aydin and Gilbert, John R.},
  title   = {The Combinatorial {BLAS}: Design, Implementation, and Applications},
  journal = {International Journal of High Performance Computing Applications},
  volume  = {25},
  number  = {4},
  pages   = {496--509},
  year    = {2011},
  doi     = {10.1177/1094342011403516}
}

% ===== SEMIRING ALGEBRA =====
@book{GondranMinoux2008,
  author    = {Gondran, Michel and Minoux, Michel},
  title     = {Graphs, Dioids and Semirings: New Models and Algorithms},
  publisher = {Springer},
  year      = {2008},
  series    = {Operations Research/Computer Science Interfaces},
  volume    = {41}
}

@book{HornJohnson2012,
  author    = {Horn, Roger A. and Johnson, Charles R.},
  title     = {Matrix Analysis},
  edition   = {2nd},
  publisher = {Cambridge University Press},
  year      = {2012}
}

% ===== AUTOMATIC DIFFERENTIATION =====
@book{GriewankWalther2008,
  author    = {Griewank, Andreas and Walther, Andrea},
  title     = {Evaluating Derivatives: Principles and Techniques of Algorithmic Differentiation},
  edition   = {2nd},
  publisher = {SIAM},
  year      = {2008},
  doi       = {10.1137/1.9780898717761}
}

@article{Pearlmutter1994,
  author  = {Pearlmutter, Barak A.},
  title   = {Fast Exact Multiplication by the Hessian},
  journal = {Neural Computation},
  volume  = {6},
  number  = {1},
  pages   = {147--160},
  year    = {1994},
  doi     = {10.1162/neco.1994.6.1.147}
}

% ===== MULTIRESOLUTION/PYRAMIDS =====
@article{BurtAdelson1983,
  author  = {Burt, Peter J. and Adelson, Edward H.},
  title   = {The {Laplacian} Pyramid as a Compact Image Code},
  journal = {IEEE Transactions on Communications},
  volume  = {31},
  number  = {4},
  pages   = {532--540},
  year    = {1983},
  doi     = {10.1109/TCOM.1983.1095851}
}

@book{Brandt2000,
  author    = {Brandt, Achi},
  title     = {Multiscale Scientific Computation: Review 2001},
  publisher = {Academic Press},
  year      = {2001},
  note      = {NATO Advanced Study Institute}
}

% ===== CONSERVATION LAWS =====
@book{LeVeque2002,
  author    = {LeVeque, Randall J.},
  title     = {Finite Volume Methods for Hyperbolic Problems},
  publisher = {Cambridge University Press},
  year      = {2002},
  series    = {Cambridge Texts in Applied Mathematics}
}

% ===== DYNAMIC/ADAPTIVE ML =====
@inproceedings{WuFan2019,
  author    = {Wu, Yue and Fan, Yangqing and others},
  title     = {Dynamic Convolution: Attention Over Convolution Kernels},
  booktitle = {Proceedings of the IEEE Conference on Computer Vision and Pattern Recognition},
  pages     = {11030--11039},
  year      = {2019}
}

@article{Graves2016,
  author  = {Graves, Alex},
  title   = {Adaptive Computation Time for Recurrent Neural Networks},
  journal = {arXiv preprint arXiv:1603.08983},
  year    = {2016}
}

@inproceedings{NestedTensorPyTorch2022,
  author    = {Ansel, Jason and others},
  title     = {{NestedTensor}: Efficient Storage and Computation for Irregular Data in {PyTorch}},
  booktitle = {MLSys 2022 Workshop on ML for Systems},
  year      = {2022}
}

% ===== QUANTUM COMPUTING =====
@book{NielsenChuang2010,
  author    = {Nielsen, Michael A. and Chuang, Isaac L.},
  title     = {Quantum Computation and Quantum Information},
  edition   = {10th anniversary},
  publisher = {Cambridge University Press},
  year      = {2010}
}

@article{Orus2019,
  author  = {Or\'us, Rom\'an},
  title   = {Tensor Networks for Complex Quantum Systems},
  journal = {Nature Reviews Physics},
  volume  = {1},
  number  = {9},
  pages   = {538--550},
  year    = {2019},
  doi     = {10.1038/s42254-019-0086-7}
}

% ===== MONOIDAL CATEGORY APPROACHES =====
@article{Selinger2010,
  author  = {Selinger, Peter},
  title   = {A Survey of Graphical Languages for Monoidal Categories},
  journal = {New Structures for Physics},
  volume  = {813},
  pages   = {289--355},
  year    = {2010},
  publisher = {Springer}
}

@book{FongSpivak2019,
  author    = {Fong, Brendan and Spivak, David I.},
  title     = {Seven Sketches in Compositionality: An Invitation to Applied Category Theory},
  publisher = {Cambridge University Press},
  year      = {2019},
  doi       = {10.1017/9781108668804}
}

% ===== VARIABLE-SHAPE TENSOR LIBRARIES =====
@inproceedings{Rajbhandari2022,
  author    = {Rajbhandari, Samyam and Li, Conglong and Yao, Zhewei and Zhang, Minjia and Aminabadi, Reza Yazdani and Awan, Ammar Ahmad and Rasley, Jeff and He, Yuxiong},
  title     = {DeepSpeed-MoE: Advancing Mixture-of-Experts Inference and Training to Power Next-Generation AI Scale},
  booktitle = {Proceedings of the 39th International Conference on Machine Learning},
  pages     = {18332--18346},
  year      = {2022},
  series    = {ICML'22}
}